@misc{StanfordLogo,
  title = {Stanford Identity Toolkit},
  howpublished = {\url{https://identity.stanford.edu/name-emblems.html}},
  note = {Accessed: 2018-12-27}
}

@book{ESL,
  added-at = {2010-06-03T15:15:09.000+0200},
  author = {Hastie, Trevor and Tibshirani, Robert and Friedman, Jerome},
  biburl = {https://www.bibsonomy.org/bibtex/200d858c0bd2826d4eb5f39450192d1f5/ukoethe},
  edition = 2,
  file = {:Books\\HastieTibshiraniFriedman-09-Elements-of-Statistical-Learning-2nd-edition\\hastie_09_elements-of.statistical-learning.pdf:PDF},
  interhash = {52d1772f39be836e3b298d37b8c0cfa1},
  intrahash = {00d858c0bd2826d4eb5f39450192d1f5},
  keywords = {inference mathmatics dataanalysis method clutering statistics},
  publisher = {Springer},
  timestamp = {2010-06-03T15:15:09.000+0200},
  title = {The elements of statistical learning: data mining, inference and prediction},
  url = {http://www-stat.stanford.edu/~tibs/ElemStatLearn/},
  year = 2009
}

@article{sklearn,
  title={Scikit-learn: Machine learning in Python},
  author={Pedregosa, Fabian and Varoquaux, Ga{\"e}l and Gramfort, Alexandre and Michel, Vincent and Thirion, Bertrand and Grisel, Olivier and Blondel, Mathieu and Prettenhofer, Peter and Weiss, Ron and Dubourg, Vincent and others},
  journal={Journal of machine learning research},
  volume={12},
  number={Oct},
  pages={2825--2830},
  year={2011}
}